<record><leader>00000cas a22000007a 4500</leader><controlfield tag="001">16049729</controlfield><controlfield tag="008">870623d19311936iauwr ne      0    0eng d</controlfield><datafield ind1=" " ind2=" " tag="010"><subfield code="a">sn 87058091 </subfield></datafield><datafield ind1=" " ind2=" " tag="040"><subfield code="a">INP</subfield><subfield code="b">eng</subfield><subfield code="c">INP</subfield><subfield code="d">OCLCQ</subfield></datafield><datafield ind1=" " ind2=" " tag="042"><subfield code="a">msc</subfield></datafield><datafield ind1="0" ind2="4" tag="245"><subfield code="a">The New Hampton tribune-gazette.</subfield></datafield><datafield ind1=" " ind2=" " tag="260"><subfield code="a">New Hampton, Iowa :</subfield><subfield code="b">E.J. Feuling,</subfield><subfield code="c">1931-1936.</subfield></datafield><datafield ind1=" " ind2=" " tag="300"><subfield code="a">6 v.</subfield></datafield><datafield ind1=" " ind2=" " tag="310"><subfield code="a">Weekly</subfield></datafield><datafield ind1="0" ind2=" " tag="362"><subfield code="a">Vol. 55, no. 6 (Feb. 11, 1931)-v. 60, no. 53 (Dec. 31, 1936).</subfield></datafield><datafield ind1=" " ind2=" " tag="500"><subfield code="a">Publisher varies.</subfield></datafield><datafield ind1=" " ind2=" " tag="500"><subfield code="a">Includes separately numbered section called: Alta Vistan.</subfield></datafield><datafield ind1=" " ind2=" " tag="500"><subfield code="a">"Official newspaper for Chickasaw County."</subfield></datafield><datafield ind1=" " ind2=" " tag="752"><subfield code="a">United States</subfield><subfield code="b">Iowa</subfield><subfield code="c">Chickasaw</subfield><subfield code="d">New Hampton.</subfield></datafield><datafield ind1=" " ind2=" " tag="752"><subfield code="a">United States</subfield><subfield code="b">Iowa</subfield><subfield code="c">Chickasaw</subfield><subfield code="d">Alta Vista.</subfield></datafield><datafield ind1="0" ind2="4" tag="780"><subfield code="t">New Hampton tribune (New Hampton, Iowa : 1876)</subfield><subfield code="w">(DLC)sn 87058090</subfield></datafield><datafield ind1="0" ind2="4" tag="780"><subfield code="t">New Hampton gazette (New Hampton, Iowa : 1898)</subfield><subfield code="w">(DLC)sn 87057609</subfield></datafield><datafield ind1="0" ind2="0" tag="785"><subfield code="t">New Hampton tribune (New Hampton, Iowa : 1937)</subfield><subfield code="w">(DLC)sn 87058092</subfield></datafield><datafield ind1="1" ind2=" " tag="787"><subfield code="t">Alta Vistan</subfield></datafield></record>